@article{UseofPressure,
	author = {Hemley, R.J. and Ashcroft, N.W.},
	title = {The revealing role of pressure in the condensed matter sciences},
	journal = {Physics Today},
	volume = {51},
	number = {8},
	pages = {26-32},
	year = {1998},
	doi = {10.1063/1.882374},
	
	URL = { 
	https://doi.org/10.1063/1.882374
	
	}
	
}

@article{IndenterCell,
author = {Kobayashi,T. C.  and Hidaka,H.  and Kotegawa,H.  and Fujiwara,K.  and Eremets,M. I. },
title = {Nonmagnetic indenter-type high-pressure cell for magnetic measurements},
journal = {Review of Scientific Instruments},
volume = {78},
number = {2},
pages = {023909},
year = {2007},
doi = {10.1063/1.2459512},

URL = { 
        https://doi.org/10.1063/1.2459512
    
},
eprint = { 
        https://doi.org/10.1063/1.2459512
    
}

}

@Article{LaHunderpressure,
author={Drozdov, A. P.
and Kong, P. P.
and Minkov, V. S.
and Besedin, S. P.
and Kuzovnikov, M. A.
and Mozaffari, S.
and Balicas, L.
and Balakirev, F. F.
and Graf, D. E.
and Prakapenka, V. B.
and Greenberg, E.
and Knyazev, D. A.
and Tkacz, M.
and Eremets, M. I.},
title={Superconductivity at 250 K in lanthanum hydride under high pressures},
journal={Nature},
year={2019},
volume={569},
number={7757},
pages={528-531},
issn={1476-4687},
doi={10.1038/s41586-019-1201-8},
url={https://doi.org/10.1038/s41586-019-1201-8}
}

@phdthesis{Di_thesis,
	title    = {Pressure Induced Quantum Phase Transitions},
	school   = {University of Toronto},
	author   = {Tian, Di},
	year     = {2017}, %other attributes omitted
}

@article{ACsusceptibility,
  title={AC susceptibility studies of phase transitions and magnetic relaxation: conventional, molecular and low-dimensional magnets},
  author={Balanda, M},
  journal={Acta Phys. Pol. A},
  volume={124},
  number={6},
  pages={964--976},
  year={2013}
}

@book{expmethods,
  TITLE = {High Pressure Experimental Methods},
  SUBTITLE = {things},
  AUTHOR = {Eremets, M. I.},
  YEAR = {1996},
  PUBLISHER = {Oxford Science Publications},
}

@article{highestpressure,
	author = {Li, Bing and Ji, Cheng and Yang, Wenge and Wang, Junyue and Yang, Ke and Xu, Ruqing and Liu, Wenjun and Cai, Zhonghou and Chen, Jiuhua and Mao, Ho-kwang},
	title = {Diamond anvil cell behavior up to 4 Mbar},
	volume = {115},
	number = {8},
	pages = {1713--1717},
	year = {2018},
	doi = {10.1073/pnas.1721425115},
	publisher = {National Academy of Sciences},
	issn = {0027-8424},
	URL = {https://www.pnas.org/content/115/8/1713},
	eprint = {https://www.pnas.org/content/115/8/1713.full.pdf},
	journal = {Proceedings of the National Academy of Sciences}
}

@article{DAC,
  title = {Diamond anvil cell and high-pressure physical investigations},
  author = {Jayaraman, A.},
  journal = {Rev. Mod. Phys.},
  volume = {55},
  issue = {1},
  pages = {65--108},
  numpages = {0},
  year = {1983},
  month = {Jan},
  publisher = {American Physical Society},
  doi = {10.1103/RevModPhys.55.65},
  url = {https://link.aps.org/doi/10.1103/RevModPhys.55.65}
}

@article{diamagnetism,
author = {Webb,A. W.  and Gubser,D. U.  and Towle,L. C. },
title = {Cryostat for generating pressures to 100 kilobar and temperatures to 0.03 K},
journal = {Review of Scientific Instruments},
volume = {47},
number = {1},
pages = {59-62},
year = {1976},
doi = {10.1063/1.1134491},

URL = { 
        https://aip.scitation.org/doi/abs/10.1063/1.1134491
    
},
eprint = { 
        https://aip.scitation.org/doi/pdf/10.1063/1.1134491
    
}

}

@article{MP35N_similarities,
	author = {Walker,I. R. },
	title = {Nonmagnetic pistonâ€“cylinder pressure cell for use at 35 kbar and above},
	journal = {Review of Scientific Instruments},
	volume = {70},
	number = {8},
	pages = {3402-3412},
	year = {1999},
	doi = {10.1063/1.1149927},
	
	URL = { 
	https://doi.org/10.1063/1.1149927
	
	},
	eprint = { 
	https://doi.org/10.1063/1.1149927
	
	}
	
}
@article{resistivity,
	title={Anomalous resistivity in structural phase transition of IV--VI},
	author={Katayama, S},
	journal={Solid State Communications},
	volume={19},
	number={4},
	pages={381--383},
	year={1976},
	publisher={Elsevier}
}

@article{lead,
	author = {Franck, J. P. and Martin, Douglas L.},
	title = {THE SUPERCONDUCTING TRANSITION TEMPERATURE OF LEAD},
	journal = {Canadian Journal of Physics},
	volume = {39},
	number = {9},
	pages = {1320-1329},
	year = {1961},
	doi = {10.1139/p61-156},
	
	URL = { 
	https://doi.org/10.1139/p61-156
	
	},
	eprint = { 
	https://doi.org/10.1139/p61-156
	
	}
	
}
@article{FBBO,
	author = {Winter, Stephen and Mailman, Aaron and T. Oakley, Richard and Thirunavukkuarasu, Komalavalli and Hill, Stephen and Graf, D and W. Tozer, Stanley and Tse, John and Mito, Masaki and Yamaguchi, Hiroshi},
	year = {2014},
	month = {06},
	pages = {214403},
	title = {Electronic and magnetic structure of neutral radical FBBO},
	volume = {89},
	journal = {Physical Review B},
	doi = {10.1103/PhysRevB.89.214403}
}